@article{popov2017th,
  title={Thermalhydraulic Design},
  author={Dr. Nikola K. Popov},
  journal={The Essential CANDU: A Textbook on the CANDU Nuclear Power Plant Technology},
  year={2017},
  publisher={University Network in Nuclear Engineering Hamilton, ON, Canada}
}