@techreport{BruceSafetyReport2006,
  title = {Bruce {A} 2006 {S}afety {R}eport},
  institution = {Bruce Power},
  year = {2006},
  number = {NK21-SR-01320-00001-Rev 003}
}

@article{tapping2000candu,
  title={CANDU {S}team {G}enerator {L}ife {M}anagement},
  author={Tapping, RL and Nickerson, J and Spekkens, P and Maruska, C},
  journal={Nuclear Engineering and Design},
  volume={197},
  number={1-2},
  pages={213--223},
  year={2000},
  publisher={Elsevier}
}

@misc{pon_2024_my8h2-66b34,
  author       = {Pon, G.A. and Sheridan Park, Ontario, Atomic Energy of Canada Ltd,},
  title        = {Evolution of CANDU reactor design},
  month        = dec,
  year         = 2024,
}

@techreport{boiler,
  title        = {Reactor-{B}oiler and {A}uxiliary},
  year = {1992},
  number = {TIMS-23003}
}

@conference{etde_22670242,
title = {Bruce {NGS} {A} {L}oss of {F}low {A}nalysis for {E}ffectiveness of {L}evel 2 {D}efence-in-depth {P}rovisions},
author = {Won, W., Jiang, Y., Kwee, M., and Xue, J.},
booktitle = {The 19th Pacific Basin Nuclear Conference (PBNC 2014)},
place = {Canada},
year = {2014},
month = {Jul}
}